% https://tex.stackexchange.com/questions/166097/natbib-multiple-citations-with-page-numbers-in-one-bracket


@article{adams03,
  author={A. Adams and F. Fournier},
  title={?},
  journal={?},
  year=2003,
}


\@article{collier09,
  author={C. Collier and S. Someone and T. Tomeone and V. Vomeone},
  title={?},
  journal={?},
  year=2009,
}
